<?xml version="1.0" encoding="UTF-8"?><collection xmlns="http://www.loc.gov/MARC21/slim"><record><leader>00690nam--2200205-u-4500</leader><controlfield tag="001">000054149</controlfield><controlfield tag="002">20161230</controlfield><controlfield tag="005">20161230201051</controlfield><controlfield tag="008">110912s1000------------r-----000-0-eng-d</controlfield><datafield ind1=" " ind2=" " tag="020"><subfield code="a">0720442532</subfield></datafield><datafield ind1=" " ind2=" " tag="040"><subfield code="a">IFIN-HH</subfield></datafield><datafield ind1=" " ind2=" " tag="080"><subfield code="a">535.533.35</subfield></datafield><datafield ind1="1" ind2=" " tag="100"><subfield code="a">Beeston, B.E.P</subfield></datafield><datafield ind1="1" ind2="0" tag="245"><subfield code="a">Practical methods in electron microscopy</subfield><subfield code="b">Volume 1 part ii electron diffraction and optical diffraction techniques</subfield><subfield code="c">B.e.p. beeston, robert w. horne, roy markhan</subfield></datafield><datafield ind1=" " ind2=" " tag="260"><subfield code="a">Amsterdam</subfield><subfield code="b">North-holland Publishing Company</subfield><subfield code="c">1973</subfield></datafield><datafield ind1=" " ind2=" " tag="300"><subfield code="a">444P</subfield></datafield><datafield ind1=" " ind2=" " tag="490"><subfield code="a">Practical Methods In Electron Microscopy</subfield><subfield code="v">Volume 1</subfield></datafield><datafield ind1="1" ind2=" " tag="700"><subfield code="a">Markham, Roy</subfield></datafield><datafield ind1=" " ind2=" " tag="852"><subfield code="a">40937</subfield><subfield code="c">537.533.35</subfield></datafield><datafield ind1=" " ind2=" " tag="CAT"><subfield code="a">Sys</subfield><subfield code="c">20110912</subfield><subfield code="h">141859</subfield></datafield></record></collection>